@article{harutyunyan2017multitask,
  title={Multitask learning and benchmarking with clinical time series data},
  author={Harutyunyan, Hrayr and Khachatrian, Hrant and Kale, David C and Galstyan, Aram},
  journal={arXiv preprint arXiv:1703.07771},
  year={2017}
}

@article{johnson2016mimic,
  title={{MIMIC-III}, a freely accessible critical care database},
  author={Johnson, Alistair EW and Pollard, Tom J and Shen, Lu and Li-wei, H Lehman and Feng, Mengling and Ghassemi, Mohammad and Moody, Benjamin and Szolovits, Peter and Celi, Leo Anthony and Mark, Roger G},
  journal={Scientific data},
  volume={3},
  year={2016},
  publisher={Nature Publishing Group}
%   pages={160035},
}


@article{reber1989implicit,
  title={Implicit learning and tacit knowledge.},
  author={Reber, Arthur S},
  journal={Journal of experimental psychology: General},
  volume={118},
  number={3},
  pages={219},
  year={1989},
  publisher={US: American Psychological Association}
}


@article{rouse1992role,
  title={The role of mental models in team performance in complex systems},
  author={Rouse, William B and Cannon-Bowers, Janis A and Salas, Eduardo},
  journal={IEEE Transactions on SMC},
  volume={22},
  number={6},
  pages={1296--1308},
  year={1992},
  publisher={IEEE}
}

@article{rouse1986looking,
  title={On looking into the black box: Prospects and limits in the search for mental models.},
  author={Rouse, William B and Morris, Nancy M},
  journal={Psychological bulletin},
  volume={100},
  number={3},
  pages={349},
  year={1986},
  publisher={American Psychological Association}
}

@incollection{schumacher1992mental,
  title={Mental models and the acquisition of expert knowledge},
  author={Schumacher, Robert M and Czerwinski, Mary P},
  booktitle={The psychology of expertise},
  pages={61--79},
  year={1992},
  publisher={Springer}
}

@incollection{norman2014some,
  title={Some observations on mental models},
  author={Norman, Donald A},
  booktitle={Mental models},
  pages={15--22},
  year={2014},
  publisher={Psychology Press}
}

@incollection{carroll1988mental,
  title={Mental models in human-computer interaction},
  author={Carroll, John M and Olson, Judith Reitman},
  booktitle={Handbook of human-computer interaction},
  pages={45--65},
  year={1988},
  publisher={Elsevier}
}

@book{donald1988psychology,
  title={The psychology of everyday things},
  author={Donald Norman},
  publisher={Basic Books},
  year={1988}
}

@article{mosier201810,
  title={Human Decision Makers and Automated Decision Aids: Made for Each Other?},
  author={Mosier, Kathleen L and Skitka, Linda J},
  journal={Automation and human performance: Theory and applications},
  year={2018},
  publisher={Routledge}
}

@article{dzindolet2003role,
  title={The role of trust in automation reliance},
  author={Dzindolet, Mary T and Peterson, Scott A and Pomranky, Regina A and Pierce, Linda G and Beck, Hall P},
  journal={International journal of human-computer studies},
  volume={58},
  number={6},
  pages={697--718},
  year={2003},
  publisher={Elsevier}
}

@article{hoff2015trust,
  title={Trust in automation: Integrating empirical evidence on factors that influence trust},
  author={Hoff, Kevin Anthony and Bashir, Masooda},
  journal={Human Factors},
  volume={57},
  number={3},
  pages={407--434},
  year={2015},
  publisher={Sage Publications Sage CA: Los Angeles, CA}
}

@article{marsh2003role,
  title={The role of trust in information science and technology},
  author={Marsh, Stephen and Dibben, Mark R},
  journal={Annual Review of Information Science and Technology},
  volume={37},
  number={1},
  pages={465--498},
  year={2003},
  publisher={Wiley Online Library}
}

@inproceedings{zhou2017effects,
  title={Effects of uncertainty and cognitive load on user trust in predictive decision making},
  author={Zhou, Jianlong and Arshad, Syed Z and Luo, Simon and Chen, Fang},
  booktitle={IFIP Conference on Human-Computer Interaction},
  pages={23--39},
  year={2017},
  organization={Springer}
}

@article{converse1993shared,
  title={Shared mental models in expert team decision making},
  author={Converse, Sharolyn and Cannon-Bowers, JA and Salas, E},
  journal={Individual and group decision making: Current issues},
  volume={221},
  year={1993}
}

@incollection{grosz1999evolution,
  title={The evolution of SharedPlans},
  author={Grosz, Barbara J and Kraus, Sarit},
  booktitle={Foundations of rational agency},
  year={1999},
  publisher={Springer}
}

@inproceedings{ba2014deep,
  title={Do deep nets really need to be deep?},
  author={Ba, Jimmy and Caruana, Rich},
  booktitle={NIPS},
  year={2014},
  pages={2654--2662},
}

@article{berk2017impact,
  title={An impact assessment of machine learning risk forecasts on parole board decisions and recidivism},
  author={Berk, Richard},
  journal={Journal of Experimental Criminology},
  volume={13},
  number={2},
  pages={193--216},
  year={2017},
  publisher={Springer}
}

@article{athey2007does,
  title={What does performance in graduate school predict? Graduate economics education and student outcomes},
  author={Athey, Susan and Katz, Lawrence F and Krueger, Alan B and Levitt, Steven and Poterba, James},
  journal={American Economic Review},
  volume={97},
  number={2},
  pages={512--520},
  year={2007}
}

@article{kleinberg2017human,
  title={Human decisions and machine predictions},
  author={Kleinberg, Jon and Lakkaraju, Himabindu and Leskovec, Jure and Ludwig, Jens and Mullainathan, Sendhil},
  journal={The quarterly journal of economics},
  year={2017},
  publisher={Oxford University Press}
}

@inproceedings{caruana2015intelligible,
  title={Intelligible models for healthcare: Predicting pneumonia risk and hospital 30-day readmission},
  author={Caruana, Rich and Lou, Yin and Gehrke, Johannes and Koch, Paul and Sturm, Marc and Elhadad, Noemie},
  booktitle={KDD},
  pages={1721--1730},
  year={2015},
%   organization={ACM}
}

@inproceedings{ribeiro2016should,
  title={Why should i trust you?: Explaining the predictions of any classifier},
  author={Ribeiro, Marco Tulio and Singh, Sameer and Guestrin, Carlos},
  booktitle={KDD},
  pages={1135--1144},
  year={2016},
  organization={ACM}
}

@article{zhang2017interpretable,
  title={Interpretable convolutional neural networks},
  author={Zhang, Quanshi and Wu, Ying Nian and Zhu, Song-Chun},
  journal={arXiv preprint arXiv:1710.00935},
  volume={2},
  number={3},
  pages={5},
  year={2017}
}

@inproceedings{selvaraju2017grad,
  title={Grad-CAM: Visual Explanations from Deep Networks via Gradient-Based Localization.},
  author={Selvaraju, Ramprasaath R and Cogswell, Michael and Das, Abhishek and Vedantam, Ramakrishna and Parikh, Devi and Batra, Dhruv},
  booktitle={ICCV},
  pages={618--626},
  year={2017}
}

@article{baehrens2010explain,
  title={How to explain individual classification decisions},
  author={Baehrens, David and Schroeter, Timon and Harmeling, Stefan and Kawanabe, Motoaki and Hansen, Katja and M{\~A}{\v{z}}ller, Klaus-Robert},
  journal={JMLR},
  volume={11},
  number={Jun},
  pages={1803--1831},
  year={2010}
}

@article{weld2018intelligible,
  title={Intelligible Artificial Intelligence},
  author={Weld, Daniel S and Bansal, Gagan},
  journal={arXiv preprint arXiv:1803.04263},
  year={2018}
}

@article{poursabzi2018manipulating,
  title={Manipulating and measuring model interpretability},
  author={Poursabzi-Sangdeh, Forough and Goldstein, Daniel G and Hofman, Jake M and Vaughan, Jennifer Wortman and Wallach, Hanna},
  journal={arXiv preprint arXiv:1802.07810},
  year={2018}
}

@article{nushi2018towards,
  title={Towards Accountable AI: Hybrid Human-Machine Analyses for Characterizing System Failure},
  author={Nushi, Besmira and Kamar, Ece and Horvitz, Eric},
  journal={HCOMP},
  year={2018}
}

@article{doshi2017towards,
  title={Towards a rigorous science of interpretable machine learning},
  author={Doshi-Velez, Finale and Kim, Been},
  journal={arXiv preprint arXiv:1702.08608},
  year={2017}
}

@article{lakkaraju2017interpretable,
  title={Interpretable \& Explorable Approximations of Black Box Models},
  author={Lakkaraju, Himabindu and Kamar, Ece and Caruana, Rich and Leskovec, Jure},
  journal={arXiv preprint arXiv:1707.01154},
  year={2017}
}

@inproceedings{lakkaraju2016interpretable,
  title={Interpretable decision sets: A joint framework for description and prediction},
  author={Lakkaraju, Himabindu and Bach, Stephen H and Leskovec, Jure},
  booktitle={KDD},
  pages={1675--1684},
  year={2016},
  organization={ACM}
}

@article{lage2018human,
  title={Human-in-the-Loop Interpretability Prior},
  author={Lage, Isaac and Ross, Andrew Slavin and Kim, Been and Gershman, Samuel J and Doshi-Velez, Finale},
  journal={arXiv preprint arXiv:1805.11571},
  year={2018}
}

@inproceedings{bousquet2001algorithmic,
  title={Algorithmic stability and generalization performance},
  author={Bousquet, Olivier and Elisseeff, Andr{\'e}},
  booktitle={NIPS},
  pages={196--202},
  year={2001}
}

@article{kearns1999algorithmic,
  title={Algorithmic stability and sanity-check bounds for leave-one-out cross-validation},
  author={Kearns, Michael and Ron, Dana},
  journal={Neural computation},
  volume={11},
  number={6},
  pages={1427--1453},
  year={1999},
  publisher={MIT Press}
}

@inproceedings{lange2003stability,
  title={Stability-based model selection},
  author={Lange, Tilman and Braun, Mikio L and Roth, Volker and Buhmann, Joachim M},
  booktitle={NIPS},
  pages={633--642},
  year={2003}
}

@inproceedings{heidari2018preventing,
  title={Preventing Disparate Treatment in Sequential Decision Making.},
  author={Heidari, Hoda and Krause, Andreas},
  booktitle={IJCAI},
  pages={2248--2254},
  year={2018}
}

@inproceedings{zhou2004learning,
  title={Learning with local and global consistency},
  author={Zhou, Denny and Bousquet, Olivier and Lal, Thomas N and Weston, Jason and Sch{\"o}lkopf, Bernhard},
  booktitle={NIPS},
  pages={321--328},
  year={2004}
}

@article{hinton2015distilling,
  title={Distilling the knowledge in a neural network},
  author={Hinton, Geoffrey and Vinyals, Oriol and Dean, Jeff},
  journal={arXiv preprint arXiv:1503.02531},
  year={2015}
}

@article{tan2017detecting,
  title={Detecting bias in black-box models using transparent model distillation},
  author={Tan, Sarah and Caruana, Rich and Hooker, Giles and Lou, Yin},
  journal={arXiv preprint arXiv:1710.06169},
  year={2017}
}

@incollection{schapire2003boosting,
  title={The boosting approach to machine learning: An overview},
  author={Schapire, Robert E},
  booktitle={Nonlinear estimation and classification},
  pages={149--171},
  year={2003},
  publisher={Springer}
}

@inproceedings{dietterich2000ensemble,
  title={Ensemble methods in machine learning},
  author={Dietterich, Thomas G},
  booktitle={International workshop on multiple classifier systems},
  pages={1--15},
  year={2000},
  organization={Springer}
}

@article{goodfellow2013empirical,
  title={An empirical investigation of catastrophic forgetting in gradient-based neural networks},
  author={Goodfellow, Ian J and Mirza, Mehdi and Xiao, Da and Courville, Aaron and Bengio, Yoshua},
  journal={arXiv preprint arXiv:1312.6211},
  year={2013}
}

@incollection{mccloskey1989catastrophic,
  title={Catastrophic interference in connectionist networks: The sequential learning problem},
  author={McCloskey, Michael and Cohen, Neal J},
  booktitle={Psychology of learning and motivation},
  volume={24},
  pages={109--165},
  year={1989},
  publisher={Elsevier}
}

@article{kirkpatrick2017overcoming,
  title={Overcoming catastrophic forgetting in neural networks},
  author={Kirkpatrick, James and Pascanu, Razvan and Rabinowitz, Neil and Veness, Joel and Desjardins, Guillaume and Rusu, Andrei A and Milan, Kieran and Quan, John and Ramalho, Tiago and Grabska-Barwinska, Agnieszka and others},
  journal={Proceedings of the national academy of sciences},
  pages={201611835},
  year={2017},
  publisher={National Acad Sciences}
}

@inproceedings{bosch2009software,
  title={From software product lines to software ecosystems},
  author={Bosch, Jan},
  booktitle={SPLC},
  pages={111--119},
  year={2009},
}

@misc{spring2005techniques,
  title={Techniques for maintaining compatibility of a software core module and an interacting module},
  author={Spring, Maximilian J},
  year={2005},
  month=nov # "~29",
  publisher={Google Patents},
  note={US Patent 6,971,093}
}

@misc{tsantilis2009method,
  title={Method and system to monitor software interface updates and assess backward compatibility},
  author={Tsantilis, Efstratios},
  year={2009},
  month=oct # "~6",
  publisher={Google Patents},
  note={US Patent 7,600,219}
}

@inproceedings{sculley2015hidden,
  title={Hidden technical debt in machine learning systems},
  author={Sculley, D and Holt, Gary and Golovin, Daniel and Davydov, Eugene and Phillips, Todd and Ebner, Dietmar and Chaudhary, Vinay and Young, Michael and Crespo, Jean-Francois and Dennison, Dan},
  booktitle={NIPS},
  pages={2503--2511},
  year={2015}
}

@inproceedings{nushi2017human,
  title={On Human Intellect and Machine Failures: Troubleshooting Integrative Machine Learning Systems.},
  author={Nushi, Besmira and Kamar, Ece and Horvitz, Eric and Kossmann, Donald},
  booktitle={AAAI},
  pages={1017--1025},
  year={2017}
}

@inproceedings{andrist2017went,
  title={What Went Wrong and Why? Diagnosing Situated Interaction Failures in the Wild},
  author={Andrist, Sean and Bohus, Dan and Kamar, Ece and Horvitz, Eric},
  booktitle={ICSR},
  pages={293--303},
  year={2017},
  organization={Springer}
}

@inproceedings{horvitz1999principles,
  title={Principles of mixed-initiative user interfaces},
  author={Horvitz, Eric},
  booktitle={CHI},
  pages={159--166},
  year={1999},
  organization={ACM}
}

@article{jameson2008adaptive,
  title={Adaptive interfaces and agents},
  author={Jameson, Anthony},
  journal={The human-computer interaction handbook: Fundamentals, evolving technologies and emerging applications},
  volume={305330},
  year={2008},
  publisher={CRC Press, Boca Raton, FL}
}

@inproceedings{gajos-chi08,
  title={Predictability and accuracy in adaptive user interfaces},
  author={Gajos, Krzysztof Z and Everitt, Katherine and Tan, Desney S and Czerwinski, Mary and Weld, Daniel S},
  booktitle={CHI},
  pages={1271--1274},
  year={2008},
  organization={ACM}
}

@article{wang2016deep,
  title={Deep learning for identifying metastatic breast cancer},
  author={Wang, Dayong and Khosla, Aditya and Gargeya, Rishab and Irshad, Humayun and Beck, Andrew H},
  journal={arXiv preprint arXiv:1606.05718},
  year={2016}
}

@inproceedings{kamar2016directions,
  title={Directions in Hybrid Intelligence: Complementing {AI} Systems with Human Intelligence.},
  author={Kamar, Ece},
  booktitle={IJCAI},
  year={2016}
}

@article{gunning2017explainable,
  title={Explainable artificial intelligence (xai)},
  author={Gunning, David},
  journal={DARPA},
  year={2017}
}
@article{angwin2016machine,
  title={Machine bias: There's software across the country to predict future criminals and it’s biased against blacks.},
  author={Angwin, Julia and Larson, Jeff and Mattu, Surya and Kirchner, Lauren},
  journal={ProPublica},
  year={2016}
}
@inproceedings{nguyen2015deep,
  title={Deep neural networks are easily fooled: High confidence predictions for unrecognizable images},
  author={Nguyen, Anh and Yosinski, Jason and Clune, Jeff},
  booktitle={CVPR},
  pages={427--436},
  year={2015}}
  
@inproceedings{kulesza2012tell,
  title={Tell me more?: the effects of mental model soundness on personalizing an intelligent agent},
  author={Kulesza, Todd and Stumpf, Simone and Burnett, Margaret and Kwan, Irwin},
  booktitle={CHI},
  pages={1--10},
  year={2012},
  organization={ACM}
}

@inproceedings{kulesza2013too,
  title={Too much, too little, or just right? Ways explanations impact end users' mental models},
  author={Kulesza, Todd and Stumpf, Simone and Burnett, Margaret and Yang, Sherry and Kwan, Irwin and Wong, Weng-Keen},
  booktitle={VL/HCC},
  pages={3--10},
  year={2013},
  organization={IEEE}
}

@techreport{forrester-17,
 title = "TechRadar: Automation Technologies, Robotics, and {AI} In The Workforce",
 author =  {Gownder, J. and  Voce, C. and  Koetzle, L. and  LeClair, C. and  Purcell, B. and  Sridharan, S. and  Garberg, C. and  Lynch, D.},
 institution = "Forrester Research",
  url = "https://www.forrester.com/report/TechRadar+Automation+Technologies+Robotics+And+AI+In+The+Workforce+Q2+2017/-/E-RES136708?objectid=RES136708",
  year = {2017},
  month = {June}
 }
 
 @article{dechurch-jap10,
  title={The cognitive underpinnings of effective teamwork: A meta-analysis.},
  author={DeChurch, Leslie A and Mesmer-Magnus, Jessica R},
  journal={Journal of Applied Psychology},
  volume={95},
  number={1},
  pages={32},
  year={2010},
  publisher={American Psychological Association}
}

@misc{tesla:2018,
  title  = "Tesla can change so much with over-the-air updates that it’s messing with some owners’ heads.",
  author = "Sean O'Cane",
  howpublished     = "\url{www.theverge.com/2018/6/2/17413732/tesla-over-the-air-software-updates-brakes}",
  year   = "2018"
}

@article{bayati2014data,
  title={Data-driven decisions for reducing readmissions for heart failure: General methodology and case study},
  author={Bayati, Mohsen and Braverman, Mark and Gillam, Michael and Mack, Karen M and Ruiz, George and Smith, Mark S and Horvitz, Eric},
  journal={PloS one},
  volume={9},
  number={10},
  year={2014},
  publisher={Public Library of Science},
%   pages={e109264},
}

@article{grosz1996collaborative,
  title={Collaborative Systems ({AAAI-94} Presidential Address)},
  author={Grosz, Barbara J},
  journal={AI magazine},
  volume={17},
  number={2},
  pages={67},
  year={1996}
}

@article{wiens2016patient,
  title={Patient risk stratification with time-varying parameters: a multitask learning approach},
  author={Wiens, Jenna and Guttag, John and Horvitz, Eric},
  journal={JMLR},
  volume={17},
  number={1},
  pages={2797--2819},
  year={2016},
  publisher={JMLR. org}
}

@inproceedings{kamar2012combining,
  title={Combining human and machine intelligence in large-scale crowdsourcing},
  author={Kamar, Ece and Hacker, Severin and Horvitz, Eric},
  booktitle={AAMAS},
  pages={467--474},
  year={2012},
%   organization={International Foundation for Autonomous Agents and Multiagent Systems}
}

@manual{dynamo-MT-ethics17,
  author = {Dynamo},
  title = {Guidelines for Academic Requesters},
  url = {http://wiki.wearedynamo.org/index.php/Guidelines_for_Academic_Requesters},
  year   = "2017"
}
@inproceedings{elkan2001foundations,
  title={The foundations of cost-sensitive learning},
  author={Elkan, Charles},
  booktitle={IJCAI},
  volume={17},
  number={1},
  pages={973--978},
  year={2001},
%   organization={Lawrence Erlbaum Associates Ltd}
}

@inproceedings{gaur2016effects,
  title={The effects of automatic speech recognition quality on human transcription latency},
  author={Gaur, Yashesh and Lasecki, Walter S. and Metze, Florian and Bigham, Jeffrey P.},
  booktitle={Proceedings of the 13th Web for All Conference (W4A)},
  pages={23},
  year={2016},
  organization={ACM}
}

@inproceedings{lasecki2012real,
  title={Real-Time Collaborative Planning with the Crowd.},
  author={Lasecki, Walter S and Bigham, Jeffrey P and Allen, James F and Ferguson, George},
  year={2012}
}

@inproceedings{lasecki2012scribe,
  title={Real-time captioning by groups of non-experts},
  author={Lasecki, Walter and Miller, Christopher and Sadilek, Adam and Abumoussa, Andrew and Borrello, Donato and Kushalnagar, Raja and Bigham, Jeffrey},
  booktitle={Proceedings of the 25th annual ACM symposium on User interface software and technology},
  pages={23--34},
  year={2012},
  organization={ACM}
}
